@article{battery1,
  title   = {「地形や災害、国情に合う電源構成を」飯島彰己・三井物産会長 (\textit{"Power source composition that suits terrain, disasters, and national circumstances" Masami Iijima Mitsui chairperson})},
  author  = {飯島彰己},
  date    = {2021-01-02},
  urldate = {2023-10-26},
  url     = {https://www.nikkei.com/article/DGXZQODL311M70R31C20A2000000/},
  journal = {Nikkei Inc. Online}
}